2998 4884
99 281 104 289 .
124 255 146 285 a
161 243 214 285 om.
230 243 277 283 arc.
492 228 603 284 LIBER
620 228 692 285 XXI.
731 228 809 285 OAP.
828 236 870 285 60.
890 236 933 286 61.
1233 228 1295 291 121

123 394 223 476 parta
249 393 312 469 est,
342 389 532 475 validaeque
560 389 685 474 aliquot
711 391 902 456 auxiliorum
925 391 1076 457 cohortes
1099 412 1139 454 ex
1159 390 1201 454 iis
1224 411 1298 456 oon·

125 479 266 562 scriptae
289 480 373 543 sunt.
408 478 578 544 Hannonis
601 480 648 543 cis
670 477 829 543 Hiberum
846 479 1015 563 provincia
1033 482 1116 544 erat:
1139 500 1212 545 eum
1226 478 1336 544 reli-s

126 570 243 668 querat
258 565 424 631 Hannibal
440 566 482 631 ad
497 567 640 652 regionis
659 566 727 632 eius
746 566 949 650 praesidium.
976 569 1096 651 itaque,
1108 567 1299 652 priusquam

16 676 17 685 ¹
127 657 344 721 alienarentur
367 655 484 739 omnia,
507 656 638 720 obviam
662 655 799 720 eundum
822 658 911 720 ratus
935 655 1051 721 castris
1073 656 1107 720 in
1125 657 1299 739 conspectu

125 743 270 809 hostium
293 743 408 826 positis
430 744 465 808 in
488 744 591 808 aciem
613 744 731 808 eduxit.
759 764 818 809 nec
840 743 987 809 Romano
1010 743 1222 808 differendum
1234 764 1299 807 cer·
1319 762 1338 810 6

126 836 240 897 tamen
257 831 372 915 visum,
386 831 506 916 quippe
527 832 583 916 qui
601 832 698 897 sciret
711 853 785 897 oum
799 831 959 899 Hannone
973 836 1007 896 et
1019 830 1224 897 Hasdrubale
1238 832 1302 897 sibi

127 920 346 985 dimicandum
355 941 434 1004 esse,
445 920 619 1004 malletque
629 920 782 986 adversus
792 921 939 1005 singulos
948 921 1124 1005 separatim
1133 941 1232 1005 quam
1246 921 1301 985 ad·

127 1029 241 1073 versus
264 1006 344 1072 dnos
369 1008 466 1073 simul
488 1029 557 1072 rem
580 1029 701 1093 gerere.
736 1030 796 1073 nec
817 1010 930 1094 magni
947 1008 1132 1074 certaminis
1152 1030 1193 1074 ea
1209 1009 1338 1076 dimi-r

128 1096 214 1162 catio
236 1095 308 1160 fuit
349 1118 406 1161 sex
429 1096 520 1161 milia
542 1096 689 1161 hostium
712 1118 816 1182 caess,
838 1098 902 1163 duo
925 1102 1022 1182 capta
1044 1118 1116 1162 cum
1139 1097 1300 1181 praesidio

128 1188 324 1250 castrmum:
347 1206 425 1250 nam
448 1188 482 1249 et
503 1188 613 1250 castra
630 1189 820 1271 expugnata
836 1188 921 1269 sunt,
943 1190 1039 1270 atque
1056 1187 1127 1269 ipse
1147 1185 1210 1249 dux
1228 1206 1300 1250 cum

128 1273 255 1357 aliquot
285 1273 484 1357 principibus
516 1273 701 1357 capiuntur,
738 1278 772 1339 et
804 1271 920 1356 Cissis,
956 1274 1149 1358 propincum
1185 1273 1299 1338 eastris

128 1361 298 1446 oppidum,
333 1363 547 1446 expugnatur.
601 1364 742 1426 ceterum
777 1362 898 1445 praeda
927 1362 1038 1446 oppidi
1072 1360 1166 1446 parvi
1201 1360 1337 1444 pretiis

127 1471 236 1515 rerum
257 1449 333 1532 fnit,
358 1451 503 1534 supellex
524 1450 695 1515 barbarica
717 1471 756 1515 ac
777 1450 892 1515 vilium
914 1450 1164 1533 mancipiorum:
1192 1452 1300 1514 castra
1318 1467 1338 1516 6

126 1537 265 1603 militem
289 1536 432 1603 ditavere
455 1559 522 1603 non
546 1538 615 1603 eius
633 1538 731 1603 modo
749 1538 919 1616 exercitus,
942 1537 998 1621 qui
1020 1537 1124 1603 victus
1143 1540 1223 1620 erat,
1245 1536 1301 1616 sed

126 1630 162 1692 et
184 1626 266 1704 eius,
294 1626 350 1710 qui
373 1648 446 1692 cum
468 1625 654 1691 Hannibale
674 1626 709 1690 in
731 1625 831 1691 Italia
852 1625 1029 1709 militabat,
1057 1625 1207 1690 omnibus
1234 1624 1302 1689 fere
1350 1653 1355 1677 ι

128 1714 213 1780 caris
243 1713 355 1798 rebus,
386 1736 428 1779 ne
459 1715 573 1800 gravia
603 1714 825 1799 inpedimenta
855 1713 1035 1779 ferentibus
1067 1716 1189 1796 essent,
1220 1713 1302 1778 citra

127 1803 334 1886 Pyrenaeum
356 1803 488 1868 relictis.
1200 1842 1202 1845 -

217 1889 311 1955 Prius
334 1913 411 1956 uam
433 1894 522 1956 certa
543 1890 641 1957 huius
664 1891 764 1969 cladis
783 1889 872 1955 fama
889 1889 1057 1974 accideret,
1078 1892 1356 1973 transgressusdl

127 1978 290 2044 Hiberum
308 1912 493 2043 Hasdrubal
512 2000 585 2043 cum
608 1981 683 2043 octo
705 1978 838 2043 milibus
861 1978 1015 2061 peditum,
1037 1977 1126 2042 mille
1149 1977 1303 2060 equitum,

128 2072 297 2152 tamquam
320 2066 361 2130 ad
384 2067 525 2151 primum
550 2065 724 2132 adventum
746 2065 969 2133 Romanorum
992 2087 1192 2150 occursurus,
1213 2067 1303 2149 post-

130 2256 692 2400 eccelesiasticam
745 2257 1304 2394 ,iggppnpgpgfflpppup

126 2401 402 2470 peccacatorum,
420 2400 538 2468 plocium
555 2417 583 2455 u.
598 2405 623 2453 1.
639 2415 691 2469 pa·
745 2399 863 2453 mutlioh
895 2398 942 2453 die
971 2398 1002 2452 in
1034 2398 1084 2451 der
1111 2399 1225 2468 spatam
1252 2396 1303 2451 Ge-

131 2470 300 2609 ’2111611
308 2475 373 2595 ile
381 2469 428 2596 iii
436 2469 692 2596 121111112ιὲ1
745 2468 871 2595 abab
886 2466 1306 2594 1111221161Ἑὲ

130 2610 691 2738 districtissimam
745 2579 1306 2751 maaianai

132 2751 194 2808 heit
207 2769 264 2807 von
272 2752 415 2807 Kohorten
428 2751 492 2806 dem
502 2750 627 2806 Stemma
641 2750 692 2805 der
745 2750 795 2806 des
813 2749 907 2806 Praes.
925 2750 991 2804 hist
1009 2750 1083 2803 nach
1100 2746 1305 2817 rcrausgehen·

131 2830 201 2880 rdm.
220 2822 364 2892 Legionem
382 2823 519 2892 angeteilt
535 2821 655 2877 werden.
745 2821 810 2875 dem
833 2824 992 2891 expopooto
1014 2824 1080 2874 suat
1097 2819 1168 2873 idest
1186 2818 1271 2872 anian

168 2899 193 2950 ὁ.
213 2900 239 2948 6.
258 2895 298 2948 cis
310 2893 392 2964 Hie]
411 2907 467 2946 von
481 2891 554 2946 Rom
572 2908 623 2946 aus
644 2891 691 2946 be·
744 2892 899 2957 vermutem
918 2890 963 2946 die
976 2890 1140 2960 Etoberung
1158 2889 1209 2944 der
1222 2887 1273 2944 su
1291 2890 1306 2943 t

131 2964 270 3033 trachtet3
289 2980 313 3018 c.
331 2969 375 3031 23,
394 2969 418 3017 3.
745 2962 786 3017 661
808 2961 956 3033 wichtiger
978 2977 1106 3030 gewesen
1131 2961 1174 3015 als
1192 2960 1239 3015 die
1256 2960 1307 3014 des

169 3051 230 3091 aim
250 3077 256 3090 .
276 3075 282 3089 .
302 3074 309 3086 .
328 3034 399 3104 aas]
419 3052 452 3088 au
470 3049 494 3086 c.
514 3039 540 3100 2,
559 3038 583 3087 e.
744 3033 863 3102 Lagers,
885 3033 992 3088 welche
1009 3033 1177 3100 Erwartung
1194 3029 1305 3085 freilich

169 3106 497 3175 eduxit]auo.³9,10.
747 3104 837 3159 durch
861 3104 912 3160 das
937 3103 1079 3172 Folgende
1104 3102 1184 3156 nicht
1210 3101 1307 3155 erliillt

169 3175 309 3246 Romano]
328 3193 362 3229 au
381 3191 404 3232 c.
423 3179 467 3243 45,
485 3180 511 3229 2.
746 3174 825 3229 wird.
1076 3226 1080 3233 ,

171 3253 195 3301 7.
227 3263 260 3302 eo
290 3246 444 3330 dimicatio]
479 3245 608 3301 emouert
638 3243 693 3299 den
782 3250 807 3298 8.
823 3250 847 3299 9.
863 3241 1022 3365 barbarico}
1037 3261 1059 3295 a.
1070 3240 1102 3296 B.
1116 3256 1185 3296 caso
1198 3242 1308 3309 fictilia,

133 3318 221 3373 echon
243 3318 274 3372 in
296 3319 454 3373 mominis
474 3316 623 3387 liegenden
641 3315 693 3370 Be·
746 3314 827 3369 nicht
845 3312 965 3367 silberne
985 3329 1001 3367 ο
1022 3329 1052 3367 er
1070 3311 1198 3381 goldenc.

133 3386 202 3458 griff
212 3388 261 3440 des
275 3388 462 3456 allgemeinen
475 3404 533 3454 rcs;
550 3386 596 3456 24,
610 3392 652 3451 17,
662 3392 692 3439 3:
781 3384 891 3454 cilium]
905 3383 945 3437 im
958 3381 1125 3452 Vergleiche
1140 3401 1175 3435 au
1189 3382 1243 3437 den
1257 3398 1306 3452 ge·

134 3457 227 3511 dieser
236 3455 577 3523 Kampferfordertekein
586 3454 693 3525 grossas
746 3453 894 3510 echiclrten
925 3453 981 3507 und
1012 3452 1174 3523 gebildeten
1202 3452 1307 3524 griech.

133 3523 255 3593 Ringcn,
273 3540 332 3579 war
349 3525 416 3580 bald
434 3526 622 3582 entechieden.
748 3525 878 3580 Sklaven

90 3645 94 3651 .
172 3595 266 3665 capta]
298 3595 350 3648 aul
378 3597 442 3650 dem
472 3594 694 3664 Schlachtfelde3
783 3596 857 3667 eum]
875 3596 969 3661 unter3
989 3611 1024 3649 au
1042 3611 1064 3651 c.
1085 3599 1128 3663 26,
1147 3600 1173 3648 3.

134 3667 276 3722 abacum
293 3690 328 3710 =
404 3667 543 3721 erechnet.
784 3669 858 3723 carie
875 3667 955 3722 reem
985 3662 1286 3735 Wcrtgegenstiinden.

167 3736 360 3807 principilia]
405 3739 518 3792 menter
538 3736 612 3790 nach
633 3736 695 3791 Pol.
784 3739 867 3806 citro]
885 3753 941 3791 von
974 3752 1018 3790 sm
1033 3734 1232 3803 Standpunktc
1246 3734 1308 3787 des-

136 3807 210 3862 auch
230 3807 373 3874 Indibilis,
394 3808 443 3862 der
460 3808 545 3863 Fdrst
561 3807 611 3861 der
627 3806 695 3860 Iler·
749 3823 806 3877 sen,
824 3809 875 3863 der
892 3807 938 3861 die
956 3805 1180 3875 Zurdcklassnng
1198 3804 1309 3860 damals

136 3880 232 3949 geten,
250 3878 300 3932 der
317 3878 385 3933 aber
402 3880 498 3948 apator
510 3877 696 3933 wahrscbein·
748 3878 889 3934 anbefahl

135 3949 196 4004 lioh
225 3948 408 4018 freigelassen
432 3949 545 4005 worden
569 3948 621 4016 ἱεὶς
648 3947 695 4016 22,
785 3947 1262 4017 el,1.aeeiceret]zu0.1o,1a

137 4025 181 4087 21,
200 4025 224 4073 3.
252 4019 283 4074 L.
302 4018 365 4074 licis
384 4020 479 4075 diesen
494 4018 635 4075 entweder
648 4019 696 4074 da
784 4019 870 4089 mille]
887 4018 968 4073 nicht
986 4018 1076 4073 selben
1090 4015 1309 4072 substantivisch

136 4107 200 4144 rum
218 4105 289 4159 weg,
308 4107 356 4144 um
375 4090 452 4146 seine
469 4093 556 4146 Leeer
573 4089 713 4152 millia,
750 4089 804 4145 mit
816 4089 882 4144 dem
891 4087 1010 4145 (lenatia
1023 4088 1194 4153 verbunden,
1208 4086 1254 4153 22,
1265 4091 1308 4154 al,

136 4176 202 4215 men
229 4178 264 4214 au
287 4161 472 4231 versabam,
501 4162 581 4230 oder,
608 4159 698 4216 damit
750 4158 1030 4227 e.‘13,8‚0bechon
1047 4159 1109 4214 hier
1125 4159 1179 4214 wie
1196 4155 1246 4222 27,
1265 4160 1309 4225 38,

137 4231 188 4287 der
204 4229 267 4286 hier
280 4231 468 4300 geschilderte
481 4232 605 4302 Feldzug
617 4231 698 4287 nicht
751 4237 794 4286 11.
812 4230 860 4297 28,
870 4236 922 4299 3,2
937 4230 983 4286 (116
996 4228 1164 4300 symmetria
1177 4226 1232 4281 mit
1244 4227 1308 4280 dem

136 4301 278 4356 identisch
295 4303 437 4358 erachcine
455 4303 509 4358 mit
526 4303 591 4359 dem
610 4318 633 4358 c.
653 4308 697 4372 61,
750 4303 843 4358 ersten
862 4301 960 4357 Gliede
977 4299 1151 4370 mitgewirkt
1167 4298 1226 4352 hat.

135 4371 192 4428 eff.
211 4372 420 4443 dargestellten.
781 4374 909 4443 perditae
926 4371 981 4443 ccc]
999 4371 1060 4427 hier
1074 4370 1183 4425 starker
1197 4368 1240 4424 als
1254 4368 1309 4424 clo·
