2970 4872
126 251 149 282 ⁸.
168 239 220 282 chr.
235 241 282 280 218.

527 224 638 280 LIBER
655 225 728 280 XXI.
765 224 905 285 cAP.1a.
1257 226 1299 291 27

124 410 199 455 oum
226 387 281 452 ille
309 391 367 452 aut
392 391 501 452 vestra
530 391 588 452 aut
616 409 676 452 sna
698 387 794 471 eulpa
816 388 972 454 manserit
994 389 1080 475 apud
1102 389 1233 454 hostem
1255 426 1300 437 —

8 492 14 535 ι
125 499 194 561 sua,
217 476 246 542 si
268 479 392 541 metum
410 474 584 559 simulavit,
606 478 724 560 vestra,
749 476 778 541 si
791 477 970 561 perieulum
984 480 1035 542 est
1049 477 1134 561 apud
1148 499 1208 543 vos
1221 500 1300 543 vera

8 586 14 623 ι
124 565 340 631 referentibus
370 600 409 610 —
440 584 515 648 ego,
541 585 582 628 ne
610 563 805 649 ignoraretis
829 586 900 630 esse
924 564 1048 649 aliquas
1072 569 1105 632 et
1128 564 1244 632 salutis
1267 569 1301 632 et

8 676 14 715 ι
47 732 60 738 ,
123 654 214 739 pacis
236 654 330 719 vobis
352 651 565 736 condiciones,
587 672 646 736 pro
666 654 795 717 vetusto
815 651 967 737 hospitio,
990 654 1074 738 quod
1092 654 1173 721 mihi
1191 655 1298 720 vobis-

79 816 83 824 ,
122 764 198 807 enm
230 745 293 820 est,
325 740 367 805 ad
398 761 457 805 vos
488 741 572 805 veni.
621 742 731 806 vestra
760 743 869 806 autem
902 762 1000 806 eausa
1030 763 1083 806 me
1110 763 1170 808 neo
1197 742 1334 808 ullius3

122 829 260 895 alterius
287 829 391 912 loqui,
418 849 499 913 quae
526 827 644 913 loquor
670 828 756 912 apud
783 849 855 913 vos,
882 830 934 894 vel
965 850 1004 894 ea
1025 828 1105 893 fides
1128 830 1185 914 sit,
1213 830 1299 915 quod

122 939 228 1002 neque
256 917 333 982 dum
359 917 477 982 vestris
503 916 626 982 viribus
653 916 835 997 restitistis,
862 938 979 1001 neque,
1008 917 1085 982 dum
1113 918 1233 982 auxilia
1257 919 1299 984 ab

8 1014 10 1019 '
122 1005 280 1072 Romanis
310 1005 481 1090 sperastis,
507 1006 596 1089 paeis
624 1028 778 1090 umquam
806 1005 891 1091 apud
918 1027 976 1070 vos
1006 1006 1205 1070 mentionem
1228 1005 1299 1071 feei.

81 1132 90 1143 -
122 1098 297 1179 postquam
317 1115 378 1160 neo
401 1094 442 1158 ab
461 1092 617 1159 Romanis
639 1094 734 1159 vobis
757 1093 824 1159 ulla
847 1097 898 1158 ast
920 1114 1004 1178 spes,
1025 1114 1085 1158 neo
1107 1096 1334 1159 vestramne

8 1214 15 1251 ι
122 1183 189 1248 iam
216 1186 275 1248 aut
303 1203 393 1246 arma
420 1185 477 1247 aut
503 1182 633 1246 moenia
660 1182 740 1246 satis
770 1181 959 1265 defendunt,
987 1202 1099 1266 paoem
1122 1180 1233 1248 adfero
1257 1182 1299 1248 ad

120 1292 182 1336 vos
210 1272 317 1355 magis
344 1269 561 1335 neeessariam
589 1291 686 1355 quam
716 1291 860 1354 aequam.
906 1271 996 1335 ouius
1019 1270 1066 1335 ita
1090 1270 1199 1354 aliqua
1222 1285 1333 1355 speso
1363 1321 1366 1325 .

8 1390 15 1429 ι
120 1362 182 1443 est,
205 1358 234 1423 si
256 1379 337 1441 eam,
360 1379 456 1442 quem
478 1356 520 1422 ad
542 1358 674 1423 modum
697 1362 735 1423 ut
761 1358 862 1424 vietor
883 1356 948 1423 fert
969 1357 1144 1444 Hannibal,
1166 1359 1214 1424 sie
1236 1380 1295 1425 vos

122 1450 161 1511 ut
186 1446 267 1512 vieti
293 1446 444 1530 audietis,
471 1449 505 1511 et
531 1467 597 1511 uon
623 1446 673 1529 id,
700 1446 785 1531 quod
807 1447 987 1529 amittitur,
1015 1447 1050 1511 in
1065 1447 1199 1531 damno,
1222 1469 1297 1513 oum

11 1548 16 1587 ἱ
121 1535 235 1600 omnia
247 1535 382 1600 victoris
396 1534 472 1619 sint,
486 1533 543 1609 sed
556 1533 718 1619 quidquid,
724 1535 918 1622 relinquitur
931 1535 992 1619 'pro
1005 1556 1137 1601 munere
1151 1535 1297 1600 habituri

8 1660 17 1697 ς
122 1623 212 1689 estis.
257 1624 372 1688 urbem
398 1623 505 1703 vobis,
536 1644 634 1708 quam
662 1644 701 1688 ex
727 1635 849 1709 magua
869 1626 963 1707 parte·
984 1623 1141 1707 dirutam,
1169 1627 1333 1708 captamo

8 1714 9 1719 ’
121 1710 191 1776 fere
213 1715 319 1777 totam
340 1710 451 1795 habet,
474 1710 596 1795 adimit,
619 1731 716 1797 agros
738 1712 914 1799 relinquit,
930 1712 1038 1778 losum
1060 1711 1299 1797 adsignaturus,

122 1798 158 1863 in
181 1819 245 1884 quo
267 1820 388 1863 novum
412 1798 566 1882 oppidum
589 1798 774 1883 aedificetis.
807 1823 922 1866 aurum
944 1804 978 1866 et
999 1803 1170 1887 argentum
1193 1822 1297 1884 omne,

8 1940 10 1949 ,
121 1887 287 1972 publicum
305 1886 540 1971 privatumque,
564 1888 604 1953 ad
623 1910 657 1953 se
676 1888 767 1953 iubet
784 1888 915 1974 deferri3
940 1910 1075 1973 corpora
1092 1893 1202 1954 vestra
1224 1903 1332 1955 oon-⁷

120 1975 235 2060 iugum
254 1997 291 2040 ao
309 1975 487 2040 liberorum
504 1978 688 2042 vestrorum
706 1981 816 2042 servat
833 1978 998 2060 inviolata,
1019 1978 1048 2042 si
1066 1978 1205 2043 inermes
1224 1999 1297 2042 oum

123 2261 138 2310 1
161 2256 187 2311 si
209 2257 319 2325 parati
344 2297 377 2310 ..
401 2256 608 2324 proeminent,
634 2270 683 2326 eqo

16 2346 18 2355 ⁴
120 2341 225 2396 queque
251 2327 352 2381 tacitus
376 2331 580 2395 carpentorum:
606 2342 682 2381 name

13 2107 17 2139 2
120 2064 208 2129 binis
231 2064 435 2129 vestimentis
459 2064 566 2129 velitis
590 2065 632 2130 ab
656 2063 802 2150 Sagunto
826 2067 922 2130 exire.
962 2064 1043 2130 haee
1065 2065 1170 2130 victor
1190 2065 1333 2130 hostias

751 2325 757 2337 .
772 2263 797 2312 6.
816 2272 850 2311 aa·
867 2273 902 2311 m.
911 2256 1009 2380 parte}
1022 2255 1075 2310 wis
1090 2273 1112 2311 o.
1128 2260 1171 2324 56,
1185 2261 1211 2338 3,
1231 2254 1298 2311 Cur·

735 2328 793 2381 tius
813 2327 839 2393 7,
858 2333 884 2394 3,
904 2333 933 2392 1ς
952 2343 998 2383 v1e
1027 2327 1154 2396 htufiger
1171 2327 1217 2381 die
1231 2326 1298 2382 Pra-

121 2412 182 2452 eum
205 2398 249 2452 vir
265 2398 445 2466 qraoissimua
462 2397 514 2452 ete.
552 2396 616 2467 Vgl.
635 2397 681 2466 22,
734 2396 858 2467 position
875 2397 904 2452 in
918 2397 963 2453 dis
976 2397 1059 2453 Mitte
1073 2397 1196 2468 gsstellt,
1215 2413 1237 2452 o.
1253 2403 1298 2467 46,

118 2473 166 2535 60,
181 2473 205 2527 5.
220 2467 324 2536 28,12,
339 2473 369 2535 3,
387 2467 491 2540 griseia
507 2465 548 2523 εἰ.
560 2466 681 2524 ‚viati
735 2475 761 2524 6.
785 2475 832 2535 52,
854 2473 902 2535 11,
925 2469 1016 2524 seiten
1033 2485 1135 2541 masaa
1148 2473 1232 2538 parte
1250 2467 1298 2536 24,

156 2556 307 2628 vobrteum]
331 2556 384 2611 mit
405 2555 494 2627 allen,
524 2556 604 2612 nieht
629 2556 682 2611 mit

120 2628 199 2682 einer
212 2626 356 2683 einzelnen
364 2626 491 2694 Familia,
503 2626 569 2682 weil
578 2643 608 2682 ss
615 2626 682 2682 kain

117 2699 260 2768 privatam
278 2698 426 2767 hospitimn
442 2712 510 2765 war,
528 2714 552 2753 o.
572 2703 615 2763 12,
634 2704 658 2751 6.

157 2792 183 2842 3.
202 2785 328 2856 alterius]
348 2786 389 2841 oa
407 2785 527 2841 Genetiv
545 2803 581 2839 au
599 2786 682 2852 olias,

9 2866 12 2899 *
118 2858 195 2911 etwa
212 2855 375 2911 Hannibals.

117 2930 120 2937 ’
156 2927 198 2982 vel
215 2944 248 2982 ea
264 2927 333 2995 fider
350 2926 398 2997 sit]
418 2922 500 2980 datur
515 2943 581 2996 mag
595 2926 682 2981 sehon

119 2996 182 3052 dies
201 2997 263 3052 eine
282 2995 402 3052 Gewthr
419 2995 486 3051 sein.

157 3091 183 3140 4.
197 3090 345 3155 postquam
364 3125 371 3139 .
385 3127 392 3139 .
411 3084 463 3156 est]
478 3109 511 3131 ==
524 3085 622 3139 relicto
634 3088 682 3154 est,

13 3168 14 3171 ’
117 3161 248 3225 supaest.

157 3188 681 3298 metatoriam]a'hnliohvondenFrie·

118 3296 309 3354 dansofferten
334 3314 384 3352 vor
407 3298 456 3352 der
479 3295 612 3351 Sahlaoht
635 3294 682 3350 bei

121 3368 208 3424 Zama
224 3368 273 3437 51),
290 3373 334 3436 30,
354 3373 396 3436 18,
412 3384 472 3437 paee
489 3367 577 3436 mauis
594 3382 681 3422 mees-

11 3508 12 3525 ,
117 3439 200 3494 saria
216 3455 299 3509 quam
315 3440 435 3495 Maesta.

158 3532 183 3581 5.
196 3527 429 3595 quemadmodmn,
442 3526 513 3580 wird
522 3524 566 3580 oft
574 3526 644 3580 statt
650 3530 683 3579 ut

11 3592 12 3595 ’
118 3596 287 3655 nardorum
300 3598 433 3666 gewthlt,
446 3614 496 3651 um
505 3596 560 3650 deu
569 3596 682 3650 zusam-

122 3666 258 3723 menstoss
280 3669 334 3722 mit
355 3666 447 3723 einem
464 3666 582 3722 awriten
599 3670 631 3720 ut
649 3684 683 3720 zu

119 3736 295 3792 vormeidsn:
314 3736 361 3804 22,
381 3745 405 3805 1,
426 3744 467 3795 16.
486 3736 532 3807 24,
546 3743 572 3806 3,
591 3744 617 3792 6.
635 3736 682 3800 27,

119 3812 166 3875 45,
185 3813 209 3862 3.
229 3806 275 3874 28,
294 3814 319 3874 9,
337 3813 362 3864 4.

154 3882 191 3932 ,at
207 3876 305 3948 omer]
324 3878 419 3933 indem
437 3893 467 3932 er
485 3878 545 3933 sieh
558 3878 683 3934 faktisoh

119 3950 209 4005 sehon
222 3948 265 4002 als
279 3947 376 4017 Sieger
388 3948 556 4016 betraohtat,
564 3950 604 4005 in
618 3950 683 4004 dem

120 4019 230 4076 stolaen
253 4018 355 4074 Gefuhl
379 4018 487 4088 Saguut
508 4018 613 4074 bereits
636 4020 683 4074 be·

122 4106 259 4161 zwungen
268 4109 303 4145 au
313 4090 418 4155 habam
432 4089 493 4143 also
503 4088 684 4144 verschieden

122 4178 178 4217 von
197 4178 220 4217 o.
240 4167 284 4229 12,
302 4167 320 4216 4
337 4165 369 4215 ut
387 4161 422 4215 ab
441 4159 514 4214 irato
531 4160 639 4215 adora.

157 4232 211 4299 sert
242 4234 328 4300 offert.
427 4246 430 4251 ’

769 2609 861 2680 habat]
876 2608 915 2663 ist
928 2608 957 2662 in
971 2608 1155 2678 Verbindung
1168 2608 1221 2663 mit
1234 2624 1299 2678 cap·

735 2685 793 2734 tom
810 2696 841 2734 so
859 2678 917 2733 viel
934 2678 977 2732 als
989 2680 1119 2748 possidet,
1137 2678 1300 2734 sohwteher

735 2750 766 2804 in
783 2748 966 2818 Verbindnng
983 2748 1036 2803 mit
1053 2750 1185 2805 dirutam.

771 2820 981 2902 adsignaturus]
1007 2820 1056 2874 der
1074 2820 1208 2875 stehende
1227 2821 1298 2875 Aus-

735 2889 837 2959 druok,
864 2906 946 2945 wenn
968 2907 999 2944 ιιι
1021 2891 1179 2946 erobertem
1201 2890 1298 2946 Laude

736 2961 790 3015 den
807 2960 966 3016 romischeu
983 2959 1149 3017 Kolonisten
1167 2958 1223 3018 ion
1243 2962 1298 3017 dan

735 3032 876 3088 tnamoiri
910 3032 1083 3089 Ltndereien
1120 3032 1299 3103 angewiesen

736 3103 855 3158 werdon

803 3173 915 3244 ρι’ἀιιιιι]
940 3172 994 3228 soll
1016 3172 1096 3228 nicht
1113 3171 1217 3241 gerade
1235 3169 1298 3226 eine

735 3242 792 3298 Ver
812 3243 960 3312 leinsrung
989 3260 1024 3313 ge
1046 3260 1081 3297 eu
1112 3242 1206 3295 urbem
1236 3258 1298 3296 aus·

736 3314 868 3381 drucken,
886 3313 1005 3369 sondern
1024 3260 1103 3368 {ient
1119 3329 1173 3367 nur
1185 3311 1236 3366 dar
1248 3327 1298 3366 aa·

736 3385 830 3450 ιιιιιιο,
848 3401 871 3439 o.
892 3389 934 3451 ιι,
952 3388 977 3438 u.
998 3388 1040 3452 ιιι,
1061 3388 1084 3437 ι.
1117 3406 1124 3411 ·

773 3460 798 3509 1.
898 3454 943 3537 ra]
962 3452 1015 3508 wir
1031 3454 1098 3508 aher
1117 3453 1246 3511 ‘Leben’.

771 3530 862 3580 oeroat
892 3525 946 3579 fter
965 3523 1154 3594 ‘garantiert'.

772 3596 845 3651 binis
858 3596 934 3668 vest]
948 3595 989 3652 im
1001 3593 1132 3667 gleioheu
1146 3594 1231 3650 Sinna
1245 3595 1298 3650 wie

736 3682 760 3721 a.
778 3673 819 3735 12,
834 3672 850 3722 5
868 3668 999 3737 augulis,
1017 3684 1070 3721 nur
1087 3664 1149 3720 dass
1163 3666 1213 3720 der
1225 3664 1297 3720 Red-

735 3753 795 3806 ner,
812 3756 861 3793 um
879 3737 925 3793 die
942 3736 1145 3806 Bedingungsu
1163 3736 1298 3791 annatim·

736 3808 820 3864 barer
837 3807 999 3864 emeheinsu
1016 3825 1050 3860 su
1067 3806 1168 3874 lassen,
1186 3806 1236 3862 das
1249 3823 1298 3862 an·

736 3895 878 3950 garogens
911 3877 994 3933 Kleid
1025 3876 1202 3933 mitreohnet
1245 3876 1298 3931 Die

735 3949 914 4019 proposition
936 3965 998 4003 cum
1020 3947 1090 4002 wird
1113 3948 1221 4003 sowohl
1242 3965 1298 4003 von

737 4018 802 4073 dem
825 4019 993 4089 gebraucht,
1016 4034 1074 4073 was
1091 4034 1158 4072 man
1176 4018 1222 4072 bei
1240 4017 1298 4072 nud

737 4089 791 4144 mit
812 4090 872 4145 sich
894 4090 986 4159 fnhrt,
1010 4091 1082 4158 (eum
1104 4089 1156 4144 talo
1174 4089 1237 4155 ease)
1256 4087 1298 4141 als

737 4160 810 4215 auch
834 4177 890 4216 von
912 4151 989 4228 dem,
1013 4175 1071 4215 was
1093 4175 1159 4213 man
1183 4175 1220 4211 an
1238 4157 1299 4211 siah

738 4232 827 4300 trtgt3
846 4230 893 4298 35,
911 4237 955 4299 33,
975 4237 990 4286 7
1009 4246 1070 4285 eum
1087 4229 1202 4284 rodida
1219 4231 1297 4282 vesta

157 4318 205 4357 vos
245 4319 345 4374 wagan
366 4302 415 4357 das
439 4299 627 4370 Gegensatres
651 4318 685 4355 aa
774 4300 898 4371 abSay]
912 4298 1300 4369 22,18,14a0apuaexiret,

123 4372 265 4429 Hannrbal
282 4373 430 4444 augeatur.

738 4371 786 4443 25,
803 4377 847 4441 22,
868 4379 900 4426 11
918 4371 977 4426 und
994 4389 1029 4425 au
1047 4387 1071 4426 o.
1091 4374 1133 4440 15,
1151 4375 1177 4426 3.
